<?xml version="1.0" encoding="UTF-8"?><collection xmlns="http://www.loc.gov/MARC21/slim"><record><leader>00411nam--2200133-i-4500</leader><controlfield tag="001">000020151</controlfield><controlfield tag="002">20161230</controlfield><controlfield tag="005">20161230201033</controlfield><controlfield tag="008">060222s1000------------r-----000-0-eng-d</controlfield><datafield ind1=" " ind2=" " tag="080"><subfield code="a">530.1(061.3)</subfield></datafield><datafield ind1=" " ind2=" " tag="245"><subfield code="a">Proceedings of the fifth annual eastern theoretical physics conference, brown university, november 25-26, 1966</subfield></datafield><datafield ind1=" " ind2=" " tag="260"><subfield code="a">New York, W.A.Benjamin,1967. X+248 P</subfield></datafield><datafield ind1=" " ind2=" " tag="700"><subfield code="a">Feldman, David</subfield></datafield><datafield ind1=" " ind2=" " tag="852"><subfield code="a">28516</subfield></datafield></record></collection>